<record><leader>00000cas a2200000 a 4500</leader><controlfield tag="001">9625295</controlfield><controlfield tag="008">830620d18281829mauwr ne      0    0eng c</controlfield><datafield ind1=" " ind2=" " tag="010"><subfield code="a">sn 83020890 </subfield></datafield><datafield ind1=" " ind2=" " tag="040"><subfield code="a">NPX</subfield><subfield code="b">eng</subfield><subfield code="c">NPX</subfield><subfield code="d">NPU</subfield><subfield code="d">DLC</subfield><subfield code="d">CNW</subfield><subfield code="d">OCL</subfield><subfield code="d">DLC</subfield><subfield code="d">OCLCQ</subfield><subfield code="d">OCLCF</subfield><subfield code="d">OCLCO</subfield><subfield code="d">CUS</subfield></datafield><datafield ind1=" " ind2=" " tag="042"><subfield code="a">pcc</subfield></datafield><datafield ind1=" " ind2=" " tag="043"><subfield code="a">n-us-ma</subfield></datafield><datafield ind1="0" ind2="0" tag="050"><subfield code="a">Newspaper 8160-X</subfield></datafield><datafield ind1="1" ind2="4" tag="050"><subfield code="a">AN</subfield></datafield><datafield ind1="0" ind2="0" tag="245"><subfield code="a">Berkshire star and County Republican.</subfield></datafield><datafield ind1=" " ind2=" " tag="260"><subfield code="a">Lenox, Mass. :</subfield><subfield code="b">Charles Webster &amp; J.D. Cushing,</subfield><subfield code="c">1828-1829.</subfield></datafield><datafield ind1=" " ind2=" " tag="300"><subfield code="a">2 v. ;</subfield><subfield code="c">52 cm.</subfield></datafield><datafield ind1=" " ind2=" " tag="310"><subfield code="a">Weekly</subfield></datafield><datafield ind1="0" ind2=" " tag="362"><subfield code="a">New ser., v. 1, no. 1 (Jan. 10, 1828)-v. 2, no. 34 (Aug. 28, 1829).</subfield></datafield><datafield ind1=" " ind2=" " tag="500"><subfield code="a">Publishers: Webster &amp; Stanley, Sep. 11, 1828-Apr. 16, 1829; John G. Stanly, Apr. 23-Aug. 28, 1829.</subfield></datafield><datafield ind1=" " ind2=" " tag="500"><subfield code="a">Printer: John D. Cushing.</subfield></datafield><datafield ind1=" " ind2=" " tag="500"><subfield code="a">Published on Thursday.</subfield></datafield><datafield ind1=" " ind2="0" tag="651"><subfield code="a">Lenox (Mass.)</subfield><subfield code="v">Newspapers.</subfield></datafield><datafield ind1=" " ind2="7" tag="651"><subfield code="a">Massachusetts</subfield><subfield code="z">Lenox.</subfield><subfield code="2">fast</subfield><subfield code="0">(OCoLC)fst01216236</subfield></datafield><datafield ind1=" " ind2="7" tag="655"><subfield code="a">Newspapers.</subfield><subfield code="2">fast</subfield><subfield code="0">(OCoLC)fst01423814</subfield></datafield><datafield ind1=" " ind2=" " tag="752"><subfield code="a">United States</subfield><subfield code="b">Massachusetts</subfield><subfield code="c">Berkshire</subfield><subfield code="d">Lenox.</subfield></datafield><datafield ind1="0" ind2="0" tag="780"><subfield code="t">Berkshire star</subfield><subfield code="w">(DLC)sn 83020889</subfield></datafield><datafield ind1="0" ind2="0" tag="785"><subfield code="t">Berkshire journal (Lenox, Mass.)</subfield><subfield code="w">(DLC)sn 83020891</subfield></datafield><datafield ind1="4" ind2="1" tag="856"><subfield code="3">1828:Jan. 10-1828:Dec. 25.</subfield><subfield code="z">Readex. EAN series 2. Restricted to UC campuses</subfield><subfield code="u">http://openurl.cdlib.org?sid=SCP:SCP&amp;genre=journal&amp;rft.object_id=1000000000292509</subfield></datafield><datafield ind1="1" ind2=" " tag="029"><subfield code="a">AU@</subfield><subfield code="b">000020123084</subfield></datafield></record>